2277 2927
817 712 1014 758 PRAE
1032 710 1260 757 FATIO.

359 898 417 929 Hic
444 898 523 928 liber
549 900 713 937 postquam
740 906 819 927 anno
851 899 938 927 1855.
963 896 1097 936 prinmm
1124 895 1227 927 editus
1256 897 1336 931 erat,
1368 904 1462 934 quum
1491 893 1657 925 transisset
1684 902 1782 932 nuper
1810 893 1847 923 ad

232 962 445 993 Hermannum
468 961 574 1000 Fries,
605 961 704 991 virum
727 959 996 997 honestissimum,
1027 959 1145 998 petenti
1171 961 1205 989 ut
1228 958 1389 989 iterandae
1413 957 1541 988 editioni
1566 957 1760 988 consulerem
1788 965 1849 987 non

231 1026 366 1056 decram.
413 1024 596 1056 Consultnm
620 1027 724 1054 autem
749 1026 797 1054 est
821 1023 876 1061 ita,
901 1025 936 1053 ut
958 1031 1019 1053 non
1041 1022 1133 1053 modo
1158 1021 1353 1061 praefatione
1383 1021 1483 1052 indice
1505 1020 1636 1059 aliisque
1660 1019 1848 1051 renovandis

232 1089 322 1128 plura
344 1088 424 1119 scitu
448 1088 543 1127 (ligna
566 1087 758 1118 adderentur
781 1086 937 1125 variisque
962 1085 1232 1117 emendationibus
1257 1085 1343 1116 locus
1365 1085 1503 1121 daretur,
1527 1084 1582 1114 sed
1605 1084 1698 1114 etiam
1719 1092 1757 1113 ea
1778 1083 1848 1114 libri

232 1162 318 1191 pars,
340 1152 370 1181 in
391 1160 453 1190 qua
474 1151 512 1182 de
534 1151 692 1182 codicibus
710 1149 933 1190 insignioribus
950 1149 1086 1180 nondum
1104 1148 1243 1179 excussis
1260 1148 1374 1187 agitur,
1395 1147 1500 1178 multis
1517 1157 1596 1186 quae
1613 1146 1740 1186 nuperis
1758 1146 1847 1177 itine-

231 1215 317 1245 ribus
338 1214 511 1253 conquisivi
535 1216 715 1253 augeretur.

357 1278 442 1315 Quae
460 1277 540 1308 enim
557 1277 614 1308 hoc
636 1276 791 1307 volumine
813 1275 1020 1307 continentur.
1046 1275 1076 1305 in
1097 1275 1174 1305 duas
1196 1278 1302 1314 partes
1323 1274 1418 1305 (lividi
1440 1277 1585 1313 possunt,
1610 1282 1741 1312 quarum
1764 1273 1849 1312 prior

231 1342 259 1372 in
284 1340 498 1372 describendis
522 1350 557 1371 ac
581 1340 697 1379 passim
724 1339 935 1370 exscribendis
959 1342 1103 1369 versatur
1126 1338 1213 1369 libris
1237 1337 1374 1376 antiquis
1398 1347 1467 1368 mea
1491 1346 1587 1376 opera
1613 1346 1650 1367 ex
1674 1336 1795 1367 oriente
1820 1335 1849 1365 in

232 1405 389 1444 Europam
414 1403 569 1441 advectis,
593 1404 694 1434 altera
717 1413 753 1434 ex
775 1403 868 1434 variis
893 1403 1037 1442 Europae
1061 1405 1092 1433 et
1117 1401 1246 1433 orientis
1268 1400 1426 1432 codicibus
1450 1403 1600 1439 excerpta
1621 1399 1848 1439 complectitur.

231 1468 316 1505 Quos
337 1467 460 1498 codices
482 1466 586 1506 priore
607 1469 695 1506 parte
713 1466 893 1505 complexus
911 1476 993 1503 sum,
1017 1465 1035 1495 ii
1052 1465 1091 1496 ad
1107 1465 1186 1496 duas
1203 1464 1403 1496 collectimies
1420 1464 1595 1503 pertinent:
1620 1463 1720 1493 altera
1739 1462 1849 1493 itiner(¹

231 1531 376 1562 orientali
398 1540 466 1561 meo
485 1530 622 1561 seeundo
639 1529 750 1561 abhinc
766 1539 869 1573 annos
882 1533 951 1560 octo
969 1531 1165 1568 comparata,
1186 1527 1341 1558 nonnullis
1359 1527 1468 1558 Museo
1485 1526 1665 1557 Britannico
1689 1529 1717 1557 et
1740 1525 1849 1555 biblio-

231 1595 341 1625 thecae
358 1594 548 1625 Bodleianae
569 1593 674 1632 paullo
696 1596 767 1623 ante
790 1593 902 1629 cessis,
923 1602 1003 1623 anno
1020 1595 1108 1623 1857.
1126 1594 1258 1623 exeunte
1280 1591 1318 1621 ad
1341 1590 1559 1621 bibliothecam
1582 1590 1657 1629 Imp.
1676 1589 1849 1628 Fen-opoli-

232 1662 335 1689 tanam
352 1657 490 1695 transiit,
508 1656 557 1688 cni
574 1657 813 1696 locupletandae
828 1660 920 1695 atque
939 1655 1142 1686 illustrandae
1158 1655 1238 1686 liber
1251 1655 1332 1685 Baro
1346 1654 1508 1685 Modestus
1522 1652 1624 1689 Korfl',
1642 1653 1689 1683 vir
1702 1662 1850 1684 summus.

231 1732 268 1752 ex
290 1722 382 1760 longo
404 1720 463 1751 iam
486 1724 626 1760 tempore
649 1723 735 1751 tanto
757 1729 825 1750 cum
843 1719 947 1750 studio
966 1723 1116 1758 tantoque
1133 1728 1280 1749 successu
1298 1717 1465 1758 prospicit,
1493 1717 1592 1747 altera
1609 1726 1688 1747 anno
1709 1719 1796 1747 1544.
1815 1725 1851 1746 ex

231 1784 351 1815 oriente
373 1785 467 1815 allata
489 1787 660 1823 posteaque
681 1783 901 1816 additamentis
924 1786 1029 1821 aucta,
1054 1782 1191 1822 exceptis
1216 1784 1365 1820 quattuor
1388 1780 1474 1811 libris
1496 1780 1649 1811 Dresdam
1671 1779 1788 1817 missis,
1813 1779 1851 1809 ad

230 1848 449 1879 bibliothecam
468 1847 680 1878 universitatis
697 1846 870 1886 Lipsiensis
888 1846 1021 1877 transiit.
1060 1845 1151 1876 Prior
1172 1845 1314 1876 collectio
1337 1844 1460 1875 codices
1483 1842 1718 1883 comprehendit
1738 1843 1799 1873 (luo
1821 1845 1852 1872 et

231 1911 374 1949 triginta,
392 1910 531 1942 Graecos
553 1910 817 1949 quattuordecim,
840 1910 985 1949 Syriacos
1007 1910 1084 1945 dno,
1102 1908 1252 1940 Arabicos
1274 1909 1350 1945 (luo,
1375 1907 1594 1938 Itabbaniticos
1617 1910 1645 1936 et
1664 1905 1850 1941 Ix'araiticos,

233 1973 386 2005 Hebraeis
413 1973 482 2005 illos
508 1974 633 2013 quidem
657 1973 770 2004 litteris
796 1974 850 2004 sed
878 1974 1045 2013 plerosque
1069 1972 1204 2004 Arabica
1230 1972 1335 2010 lingna
1359 1971 1566 2010 conscriptos,
1592 1969 1850 2009 ‹piattuordecim

232 2037 342 2067 Altera
361 2037 502 2068 collectio
521 2037 644 2068 codices
661 2037 824 2078 sexaginta
840 2037 975 2076 quinque
993 2035 1242 2076 comprehelnlit,
1261 2036 1400 2065 Graecos
1418 2033 1581 2071 tredecim,
1599 2032 1744 2072 Syriacos
1761 2032 1850 2071 quin-

234 2110 303 2138 que,
322 2100 469 2139 Copticos
492 2100 655 2137 tredecim,
674 2100 824 2131 Arabicos
846 2103 926 2137 octo,
944 2099 1116 2139 Georgicos
1134 2099 1280 2138 quinque,
1299 2098 1514 2128 Hebraeorum
1532 2096 1682 2127 Arabicos
1705 2095 1851 2134 quinque,

233 2173 326 2194 unuin
344 2162 621 2201 Samaritanun1³³‘),
644 2173 837 2203 papyraceos
859 2163 987 2203 Coptice
1009 2162 1254 2202 Ilieroglyphice
1276 2163 1395 2192 (lraece
1419 2160 1552 2200 scriptos
1578 2169 1631 2190 sex
1656 2169 1723 2190 cum
1749 2159 1851 2190 linteis

232 2226 415 2265 fragmentis
432 2226 591 2257 Hieratice
612 2226 754 2266 scriptis:
777 2227 849 2257 item
868 2226 1069 2266 Abyssinicos
1090 2225 1227 2265 quinque
1250 2229 1280 2255 et
1298 2224 1447 2255 Arabicos
1465 2224 1637 2254 Drusianos
1655 2226 1729 2253 tres.
1769 2224 1851 2259 Qua-

234 2299 300 2320 rum
319 2289 348 2320 in
366 2292 498 2328 utraque
516 2289 697 2320 collectione
712 2289 837 2321 codices
855 2290 1018 2321 duodecim
1036 2292 1109 2320 sunt
1125 2288 1332 2329 palimpsesti,
1356 2297 1463 2317 novem
1483 2286 1614 2326 primum
1633 2288 1768 2319 Graece,
1790 2286 1851 2316 dno

232 2353 364 2393 primum
382 2353 509 2392 Syriaco
526 2352 653 2391 scripti3
679 2362 758 2383 unus
777 2362 850 2383 vero
868 2363 904 2383 ex
927 2353 1109 2391 fragmentis
1127 2351 1337 2392 palimpsestis
1356 2351 1461 2387 lingua
1477 2354 1505 2380 et
1531 2349 1650 2380 ratione
1673 2349 1749 2380 satis
1772 2349 1852 2379 inter

232 2426 265 2447 se
291 2416 424 2447 diversis
449 2415 640 2455 compositus
667 2418 724 2446 est.
770 2416 815 2445 Ex
837 2416 966 2447 Graecis
991 2418 1055 2446 tres
1079 2415 1223 2454 rescripti
1249 2418 1322 2445 sunt
1345 2416 1479 2444 (lraece.
1505 2423 1583 2443 unus
1602 2412 1747 2444 Arabiee.
1773 2422 1852 2443 unns

333 2524 359 2553 4Αῇι
380 2525 407 2549 ls
426 2524 583 2557 nuperrime
602 2523 732 2549 accessit,
764 2523 838 2548 Vide
853 2524 919 2549 (lod.
934 2523 1028 2549 'risen
1045 2523 1117 2549 lix'lv
1133 2523 1159 2548 in
1179 2523 1270 2548 indice
